@online{texstudio-git-config,
title={\TeX{}studio Manul: Configuring SVN/GIT support},
url={https://texstudio-org.github.io/configuration.html#configuring-svn-git-support},
urldate={2024-06-05}
}

@online{git,
title={git Documentation},
url={https://git-scm.com/doc},
urldate={2024-06-05}
}

@online{act,
title={act – Userguide},
url={https://nektosact.com/},
urldate={2024-07-27}
}

@online{gitlab-runner,
title={GitLab Runner Documentation},
author={GitLab},
url={https://docs.gitlab.com/runner/}
}

@online{github-actions-runner,
title={Hosting your own runners},
author={GitHub},
url={https://docs.github.com/en/actions/hosting-your-own-runners}
}

@online{forgejo-runner,
title={Forgejo Runner},
url={https://code.forgejo.org/forgejo/runner}
}

@article{MD-fast-testing2024,
  title = {Fast regression testing of \TeX{} packages: Multiprocessing and batching},
  volume = {45},
  ISSN = {0896-3207},
  url = {http://doi.org/10.47397/tb/45-1/tb139starynovotny-testing},
  DOI = {10.47397/tb/45-1/tb139starynovotny-testing},
  number = {1},
  journal = {TUGboat},
  publisher = {TeX Users Group},
  author = {Starý Novotný,  Vít and Peischl,  Marei},
  year = {2024},
  pages = {89–96}
}

@article{l3build-beginner,
  title = {\texttt{l3build}: The beginner’s guide},
  volume = {43},
  ISSN = {0896-3207},
  url = {https://doi.org/10.47397/tb/43-1/tb133wright-l3build},
  DOI = {10.47397/tb/43-1/tb133wright-l3build},
  number = {1},
  journal = {TUGboat},
  publisher = {TeX Users Group},
  author = {Wright,  Joseph},
  year = {2022},
  pages = {40–43}
}

@online{l3build,
title={l3build{\Dash}A testing and building system for {\AllTeX}},
author={{\LaTeX{} Project}},
url={https://ctan.org/pkg/l3build}
}

@online{latexmk,
title={latexmk{\Dash}Fully automated \LaTeX{} document generation},
author={Collins, John},
url={https://ctan.org/pkg/latexmk}
}

% presort={Island of TeX DEPP} ends up sorting this entry first, i.e., [1].
% sortname={Island of TeX DEPP} ends up making it second to last, i.e., [18].
% Using braces or backslashes in these fields gets Perl errors. -kb
@online{depp,
title={DEPP{\Dash}Dependency Printer for {\TeX} {L}ive},
author={{Island of \TeX}},
url={https://gitlab.com/islandoftex/texmf/depp}
}

@online{forgejo,
title={Forgejo Repository},
author={Forgejo},
url={https://codeberg.org/forgejo/forgejo},
urldate={2024-07-27}
}

@online{forgejo-actions,
title={Forgejo Actions user guide},
author={Forgejo},
url={https://forgejo.org/docs/latest/user/actions/}
}

% {\TeXLive} in the bib ends up expanding \TeX and printing "live".
% Mystery. -kb
@article{islandoftex-docker,
  title = {Living in containers{\Dash}on {\TeX} {L}ive (and {\ConTeXt}) in a {D}ocker setting},
  author = {{Island of \TeX}},
  volume = {44},
  ISSN = {0896-3207},
  url = {https://doi.org/10.47397/tb/44-2/tb137island-docker},
  DOI = {10.47397/tb/44-2/tb137island-docker},
  number = {2},
  journal = {TUGboat},
  publisher = {TeX Users Group},
  year = {2023},
  pages = {249–252}
}

@article{islandoftex-docker-short,
  title = {Providing {D}ocker images for {\TeX} {L}ive
  and {\ConTeXt}},
  author = {{Island of \TeX}},
  volume = {40},
  ISSN = {0896-3207},
  url = {https://tug.org/TUGboat/tb40-3/tb126island-docker.pdf},
  number = {3},
  journal = {TUGboat},
  publisher = {TeX Users Group},
  year = {2019},
  pages = {231}
}

@online{marcel-latex-action,
author={Krüger, Marcel},
title={{{z}auguin/install-texlive} repository},
url={https://github.com/zauguin/install-texlive}
}

@online{marcel-l3build-failure,
author={Krüger, Marcel},
title={{{z}auguin/l3build-failure-artifacts} repository},
url={https://github.com/zauguin/l3build-failure-artifacts}
}


@online{teatimeguest-latex-action,
title={{teatimeguest/setup-texlive-action} repository},
url={https://github.com/teatimeguest/setup-texlive-action}
}

@online{latex3-github,
author={{\LaTeX{} Project}},
title={GitHub organization},
url={https://github.com/latex3/}
}


@online{islandoftex-docker-gitlab,
title={GitLab Repository: \TeX\,Live {D}ocker image},
author={{Island of \TeX{}}},
url={https://gitlab.com/islandoftex/images/texlive},
urldate={2024-07-20},
}

@online{gitlab-ci-ref,
title={{CI/CD} YAML syntax reference},
author={{GitLab}},
url={https://docs.gitlab.com/ee/ci/yaml/},
urldate={2024-07-22}
}


@online{github-actions-ref,
title={Workflow syntax for GitHub Actions},
author={{GitHub}},
url={https://docs.github.com/en/actions/using-workflows/workflow-syntax-for-github-actions}
}

@online{github-hosted-runners,
author={{GitHub}},
title={Choosing {GitHub}-hosted runners},
url={https://docs.github.com/en/actions/using-workflows/workflow-syntax-for-github-actions#choosing-github-hosted-runners}
}

@online{latex-action,
	title={latex-action},
	subtitle={GitHub Action to compile \LaTeX{} documents},
	author={Cheng Xu},
	url={https://github.com/xu-cheng/latex-action/}
}

% V4?
@online{github-action-checkout,
title={Checkout action},
author={{GitHub and contributors}},
url={https://github.com/actions/checkout/}
}

% todo add data, sort repos

@online{workflow-document-github,
author={{Island of \TeX}},
title={{GitHub} Workflow template for {\LaTeX} documents},
url={https://github.com/islandoftex/tug2024-workflow-document-github},
}

% using title={Git{H}ub Workflow...} ends up printing GitHub Wo rkflow
% with a spurious space. Trying xWorkflow as a test printed "xW orkflow".
% Mystery. -k
@online{workflow-github,
author={{Island of \TeX}},
title={{GitHub} Workflow template for {\LaTeX} packages},
url={https://github.com/islandoftex/tug2024-workflow-github},
}

@online{workflow-gitlab,
author={{Island of \TeX}},
title={{GitLab} Workflow template for {\LaTeX} packages},
url={https://gitlab.com/islandoftex/texmf/tug2024-workflow-gitlab}
}

@online{workflow-document-gitlab,
author={{Island of \TeX}},
title={{GitLab} Workflow template for {\LaTeX} documents},
newpage=1,
url={https://gitlab.com/islandoftex/texmf/tug2024-workflow-document-gitlab}
}

@online{forgejo-runner-config,
author={{Codeberg doc contributors}},
urlnewline=1,
url={https://docs.codeberg.org/ci/actions/}
}

@online{tug2024-cicd-tugboat-sources,
title={Source to this paper, and links to additional resources},
author={Peischl, Marei and Krüger, Marcel and Kopp, Oliver},
url={https://tug.org/l/peischl-cicd2024}
}
